@online{learningvector3,
author = {Brownlee, J.},
title = {Clever Algorithms: Nature-Inspired Programming Recipes {@ONLINE}},
year = {2015},
url = {http://www.cleveralgorithms.com/nature-inspired/neural/lvq.html}
}

@online{backpropagation12,
author = {Brownlee, J.},
title = {Clever Algorithms: Nature-Inspired Programming Recipes {@ONLINE}},
year = {2015},
url = {http://www.cleveralgorithms.com/nature-inspired/neural/backpropagation.html}
}

@online{perceptron1,
author = {Brownlee, J.},
title = {Clever Algorithms: Nature-Inspired Programming Recipes {@ONLINE}},
year = {2015},
url = {http://www.cleveralgorithms.com/nature-inspired/neural/perceptron.html}
}



@online{randomforest1,
author = {Bernstein, M.},
title = {Random Forests {@ONLINE}},
year = {2016},
url = {http://pages.cs.wisc.edu/~matthewb/pages/notes/pdf/ensembles/RandomForests.pdf}
}

@online{adaboostsecond,
author = {Hertzmann, A. and Fleet, D.J. and Brubaker, M},
title = {Adaboost {@ONLINE}},
year = {2015},
url = {http://www.cs.toronto.edu/~g8acai/teaching/C11/Handouts/AdaBoost.pdf}
}

@online{adaboostfirst,
author = {Schapire, R.},
title = {Machine Learning Algorithms for Classification {@ONLINE}},
year = {2014},
url = {http://www.cs.princeton.edu/~schapire/talks/picasso-minicourse.pdf}
}

@online{knearest91,
author = {Tay, B. and Hyun, J.K. and Sejong, O.},
title = {A Machine Learning Approach for Specification of Spinal Cord Injuries Using Fractional Anisotropy Values Obtained from Diffusion Tensor Images {@ONLINE}},
year = {2014},
url = {https://www.hindawi.com/journals/cmmm/2014/276589/}
}

@online{som3,
author = {Brownlee, J.},
title = {Clever Algorithms: Nature-Inspired Programming Recipes {@ONLINE}},
year = {2015},
url = {http://www.cleveralgorithms.com/nature-inspired/neural/som.html}
}

@online{haa1,
author = {Stein, B.},
title = {Unit Hierarchial Cluster Analysis {@ONLINE}},
year = {2016},
url = {http://www.uni-weimar.de/medien/webis/teaching/lecturenotes/machine-learning/unit-en-cluster-analysis-hierarchical.pdf}
}

@online{hda1,
author = {Stein, B.},
title = {Unit Hierarchial Cluster Analysis {@ONLINE}},
year = {2016},
url = {http://www.uni-weimar.de/medien/webis/teaching/lecturenotes/machine-learning/unit-en-cluster-analysis-hierarchical.pdf}
}


@online{c4.5,
author = {Dai, W. and Ji,W.},
title = {A Mapreduce Implementation of C4.5 Decision Tree Algorithm {@ONLINE}},
year = {2014},
url = {http://www.sersc.org/journals/IJDTA/vol7_no1/5.pdf}
}